<record><leader>00000cas a2200000 a 4500</leader><controlfield tag="001">34461645</controlfield><controlfield tag="007">hd bfu---baca</controlfield><controlfield tag="008">960326d18371841moucr nea     0    0eng d</controlfield><datafield ind1=" " ind2=" " tag="010"><subfield code="a">sn 96080207 </subfield></datafield><datafield ind1=" " ind2=" " tag="040"><subfield code="a">NVG</subfield><subfield code="b">eng</subfield><subfield code="c">NVG</subfield><subfield code="d">OCL</subfield><subfield code="d">OCLCQ</subfield></datafield><datafield ind1=" " ind2=" " tag="042"><subfield code="a">msc</subfield></datafield><datafield ind1=" " ind2=" " tag="043"><subfield code="a">n-us-mo</subfield></datafield><datafield ind1="0" ind2=" " tag="130"><subfield code="a">Missouri Argus (Saint Louis, Mo. : 1837)</subfield></datafield><datafield ind1="1" ind2="4" tag="245"><subfield code="a">The Missouri Argus.</subfield></datafield><datafield ind1=" " ind2=" " tag="260"><subfield code="a">Saint Louis, Mo. :</subfield><subfield code="b">Corbin &amp; Watson,</subfield><subfield code="c">1837-</subfield></datafield><datafield ind1=" " ind2=" " tag="300"><subfield code="a">volumes ;</subfield><subfield code="c">64 cm</subfield></datafield><datafield ind1=" " ind2=" " tag="310"><subfield code="a">Semiweekly</subfield></datafield><datafield ind1=" " ind2=" " tag="336"><subfield code="a">text</subfield><subfield code="b">txt</subfield><subfield code="2">rdacontent</subfield></datafield><datafield ind1=" " ind2=" " tag="337"><subfield code="a">microform</subfield><subfield code="b">h</subfield><subfield code="2">rdamedia</subfield></datafield><datafield ind1=" " ind2=" " tag="338"><subfield code="a">microfilm reel</subfield><subfield code="b">hd</subfield><subfield code="2">rdacarrier</subfield></datafield><datafield ind1="0" ind2=" " tag="362"><subfield code="a">June 6, 1837-</subfield></datafield><datafield ind1="1" ind2=" " tag="362"><subfield code="a">Ceased in 1841.</subfield></datafield><datafield ind1=" " ind2=" " tag="500"><subfield code="a">Title from publisher's box.</subfield></datafield><datafield ind1=" " ind2=" " tag="580"><subfield code="a">Daily ed.: Missouri Argus (Saint Louis, Mo. : 1939), &lt;1839&gt;-1841.</subfield></datafield><datafield ind1=" " ind2=" " tag="580"><subfield code="a">Weekly ed.: Missouri argus (Saint Louis, Mo. : 1835).</subfield></datafield><datafield ind1=" " ind2=" " tag="533"><subfield code="a">Microfilm.</subfield><subfield code="b">Topeka [Kan.] :</subfield><subfield code="c">Kansas State Historical Society.</subfield><subfield code="e">1 microfilm reel : negative ; 35 mm.</subfield></datafield><datafield ind1=" " ind2=" " tag="752"><subfield code="a">United States</subfield><subfield code="b">Missouri</subfield><subfield code="d">Saint Louis.</subfield></datafield><datafield ind1="1" ind2=" " tag="775"><subfield code="t">Missouri Argus (Saint Louis, Mo. : 1839)</subfield></datafield><datafield ind1="1" ind2=" " tag="775"><subfield code="t">Missouri Argus (Saint Louis, Mo. : 1835)</subfield><subfield code="w">(DLC)sn 96080206</subfield></datafield><datafield ind1="1" ind2=" " tag="776"><subfield code="c">Original</subfield><subfield code="w">(DLC)sn 83025356</subfield></datafield><datafield ind1="1" ind2=" " tag="029"><subfield code="a">AU@</subfield><subfield code="b">000012446587</subfield></datafield></record>